@article{stanley2001community,
  title={Community-based premarital prevention: Clergy and lay leaders on the front lines},
  author={Stanley, Scott M and Markman, Howard J and Prado, Lydia M and Olmos-Gallo, P Antonio and Tonelli, Laurie and St. Peters, Michelle and Leber, B Douglas and Bobulinski, Michelle and Cordova, Allan and Whitton, Sarah W},
  journal={Family Relations},
  volume={50},
  number={1},
  pages={67--76},
  year={2001},
  publisher={Wiley Online Library}
}

