@inproceedings{ircing2001large,
  title={On large vocabulary continuous speech recognition of highly inflectional language-Czech},
  author={Ircing, Pavel and Krbec, Pavel and Hajic, Jan and Psutka, Josef and Khudanpur, Sanjeev and Jelinek, Frederick and Byrne, William},
  booktitle={Seventh European Conference on Speech Communication and Technology},
  year={2001}
}
@inproceedings{psutka2005automatic,
  booktitle = {Proceedings of Eurospeech 2005},
  title = {Automatic transcription of Czech, Russian, and Slovak Spontaneous Speech in the {MALACH} Project},
  author = {Josef Psutka and Pavel Ircing and Josef Psutka and Jan Haji{\v{c}} and William Byrne and Ji{\v{r}}{\'{i}} M{\'{i}}rovsk{\'{y}}},
  year = {2005},
  publisher = {{ISCA}},
  organization = {{ISCA}},
  address = {Lisboa, Portugal},
  pages = {1349--1352},
  issn = {1018-4074},
}
@inproceedings{psutka2004development,
  title={The development of ASR for Slavic languages in the MALACH project},
  author={Psutka, Josef and Hajic, Jan and Byrne, William},
  booktitle={Acoustics, Speech, and Signal Processing, 2004. Proceedings.(ICASSP'04). IEEE International Conference on},
  volume={3},
  pages={iii--749},
  year={2004},
  organization={IEEE}
}

@inproceedings{byrne1999large,
  title={Large vocabulary speech recognition for read and broadcast Czech},
  author={Byrne, William and Haji{\v{c}}, J and Ircing, Pavel and Jelinek, Frederick and Khudanpur, Sanjeev and McDonough, Jerome and Peterek, Nino and Psutka, Josef},
  booktitle={International Workshop on Text, Speech and Dialogue},
  pages={235--240},
  year={1999},
  organization={Springer}
}

@article{welch2003hidden,
  title={Hidden Markov models and the Baum-Welch algorithm},
  author={Welch, Lloyd R},
  journal={IEEE Information Theory Society Newsletter},
  volume={53},
  number={4},
  pages={10--13},
  year={2003}
}
@article{crowdy1993spoken,
  title={Spoken corpus design},
  author={Crowdy, Steve},
  journal={Literary and Linguistic Computing},
  volume={8},
  number={4},
  pages={259--265},
  year={1993},
  publisher={Oxford University Press}
}
@article{nouza1997phonetic,
  title={Phonetic alphabet for speech recognition of Czech},
  author={Nouza, Jan and Psutka, Josef and Uhl{\'\i}r, Jan},
  journal={Radioengineering},
  volume={6},
  number={4},
  pages={16--20},
  year={1997}
}

@misc{palkova1992fonetika,
  title={Fonetika a fonologie \v{C}e{\v{s}}tiny Univerzita Karlova},
  author={Palkov{\'a}, Z},
  year={1992},
  publisher={Praha}
}

@inproceedings{skorkovska2011automatic,
  title={Automatic topic identification for large scale language modeling data filtering},
  author={Skorkovsk{\'a}, Lucie and Ircing, Pavel and Pra{\v{z}}{\'a}k, Ale{\v{s}} and Lehe{\v{c}}ka, Jan},
  booktitle={International Conference on Text, Speech and Dialogue},
  pages={64--71},
  year={2011},
  organization={Springer}
}
@article{skorkovska2017first,
  title={First insight into the processing of the historical documents from the period of totalitarian regimes},
  author={Skorkovsk{\'a}, Lucie and Neduchal, Petr and Zaj{\'\i}c, Zbyn{\v{e}}k and Ircing, Pavel and M{\"u}ller, Lud{\v{e}}k and Bure{\v{s}}, Luk{\'a}{\v{s}}},
  year={2017},
  publisher={Z{\'a}pado{\v{c}}esk{\'a} univerzita v Plzni}
}
@inproceedings{maekawa2000spontaneous,
  title={Spontaneous Speech Corpus of Japanese.},
  author={Maekawa, Kikuo and Koiso, Hanae and Furui, Sadaoki and Isahara, Hitoshi},
  booktitle={LREC},
  year={2000},
  organization={Citeseer}
}
@article{VARGA1993247,
title = "Assessment for automatic speech recognition: II. NOISEX-92: A database and an experiment to study the effect of additive noise on speech recognition systems",
journal = "Speech Communication",
volume = "12",
number = "3",
pages = "247 - 251",
year = "1993",
issn = "0167-6393",
doi = "https://doi.org/10.1016/0167-6393(93)90095-3",
url = "http://www.sciencedirect.com/science/article/pii/0167639393900953",
author = "Andrew Varga and Herman J.M. Steeneken",
keywords = "Speech recognizer assessment, calibrated data base, additive noise"
}
@inproceedings{greenberg1996insights,
  title={Insights into spoken language gleaned from phonetic transcription of the Switchboard corpus},
  author={Greenberg, Steven and Hollenback, Joy and Ellis, Dan},
  booktitle={Proc. ICSLP},
  volume={96},
  pages={24--27},
  year={1996}
}
@article{LEGGETTER1995171,
title = "Maximum likelihood linear regression for speaker adaptation of continuous density hidden Markov models",
journal = "Computer Speech & Language",
volume = "9",
number = "2",
pages = "171 - 185",
year = "1995",
issn = "0885-2308",
doi = "https://doi.org/10.1006/csla.1995.0010",
url = "http://www.sciencedirect.com/science/article/pii/S0885230885700101",
author = "C.J. Leggetter and P.C. Woodland"
}
@article{forney1973viterbi,
  title={The viterbi algorithm},
  author={Forney, G David},
  journal={Proceedings of the IEEE},
  volume={61},
  number={3},
  pages={268--278},
  year={1973},
  publisher={IEEE}
}
@book{psutka1995komunikace,
  title={Komunikace s po{\v{c}}{\'\i}ta{\v{c}}em mluvenou {\v{r}}e{\v{c}}{\'\i}},
  author={Psutka, Josef},
  year={1995},
  publisher={Academia}
}
@article{hannun2014deep,
  title={Deep speech: Scaling up end-to-end speech recognition},
  author={Hannun, Awni and Case, Carl and Casper, Jared and Catanzaro, Bryan and Diamos, Greg and Elsen, Erich and Prenger, Ryan and Satheesh, Sanjeev and Sengupta, Shubho and Coates, Adam and others},
  journal={arXiv preprint arXiv:1412.5567},
  year={2014}
}
@inproceedings{kruuza2012making,
  title={Making Community and ASR Join Forces in Web Environment},
  author={Kr\r{u}za, Old{\v{r}}ich and Peterek, Nino},
  booktitle={International Conference on Text, Speech and Dialogue},
  pages={415--421},
  year={2012},
  organization={Springer}
}
@article{hajek2007cesky,
  title={\v{C}esk\'{y} mystik {K}arel {M}ako\v{n}},
  author={Jurik H\'{a}jek},
  journal={Dingir},
  year={2007},
  volume={2007/4},
  pages={142--143},
  publisher={Dingir, s.r.o.},
  ISSN={1212-1371},
  editor={Zden\v{e}k Vojt\'{i}\v{s}ek}
}
@article{reese2010wikicorpus,
  title={Wikicorpus: A word-sense disambiguated multilingual wikipedia corpus},
  author={Reese, Samuel and Boleda, Gemma and Cuadros, Montse and Rigau, German},
  year={2010},
  publisher={Citeseer}
}
@inproceedings{ide2010manually,
  title={The manually annotated sub-corpus: A community resource for and by the people},
  author={Ide, Nancy and Fellbaum, Christiane and Baker, Collin and Passonneau, Rebecca},
  booktitle={Proceedings of the ACL 2010 conference short papers},
  pages={68--73},
  year={2010},
  organization={Association for Computational Linguistics}
}
@article{bojar2008czeng,
  title={CzEng 0.7: Parallel Corpus with Community-Supplied Translations},
  author={Bojar, Ond{\v{r}}ej and Jan{\'\i}{\v{c}}ek, Miroslav and {\v{C}}e{\v{s}}ka, Pavel and Be{\v{n}}a, Peter and others},
  journal={LREC 2008},
  year={2008}
}
@article{mihalcea2004building,
  title={Building sense tagged corpora with volunteer contributions over the web},
  author={Mihalcea, Rada and Chklovski, Timothy},
  journal={Recent Advances in Natural Language Processing III: Selected Papers from RANLP 2003},
  volume={260},
  pages={357},
  year={2004},
  publisher={John Benjamins Publishing}
}
@inproceedings{Lane:2010:TCS:1866696.1866725,
  author = {Lane, Ian and Waibel, Alex and Eck, Matthias and Rottmann, Kay},
  title = {Tools for Collecting Speech Corpora via Mechanical-Turk},
  booktitle = {Proceedings of the NAACL HLT 2010 Workshop on Creating Speech and Language Data with Amazon's Mechanical Turk},
  series = {CSLDAMT '10},
  year = {2010},
  location = {Los Angeles, California},
  pages = {184--187},
  numpages = {4},
  url = {http://dl.acm.org/citation.cfm?id=1866696.1866725},
  acmid = {1866725},
  publisher = {Association for Computational Linguistics},
  address = {Stroudsburg, PA, USA},
} 
@inproceedings{5494979,
  author={M. Marge and S. Banerjee and A. I. Rudnicky},
  booktitle={2010 IEEE International Conference on Acoustics, Speech and Signal Processing},
  title={Using the Amazon Mechanical Turk for transcription of spoken language},
  year={2010},
  volume={},
  number={},
  pages={5270-5273},
  keywords={linguistics;natural language processing;speech processing;Amazon mechanical turk service;MTurk marketplace;Rover voting scheme;speaker demographics;spoken language transcription;transcription guideline;Computer science;Costs;Demography;Gold;Guidelines;Humans;Natural languages;Recruitment;Speech synthesis;Streaming media;crowd sourcing;speech transcription},
  doi={10.1109/ICASSP.2010.5494979},
  ISSN={1520-6149},
  month={March},
}
@book{eskenazi2013crowdsourcing,
  title={Crowdsourcing for speech processing: Applications to data collection, transcription and assessment},
  author={Eskenazi, Maxine and Levow, Gina-Anne and Meng, Helen and Parent, Gabriel and Suendermann, David},
  year={2013},
  publisher={John Wiley \& Sons}
}
@inproceedings{razavian2009web,
  title={The web as a platform to build machine translation resources},
  author={Razavian, Narjes Sharif and Vogel, Stephan},
  booktitle={Proceedings of the 2009 international workshop on Intercultural collaboration},
  pages={41--50},
  year={2009},
  organization={ACM}
}
@article{codd1970relational,
  title={A relational model of data for large shared data banks},
  author={Codd, Edgar F},
  journal={Communications of the ACM},
  volume={13},
  number={6},
  pages={377--387},
  year={1970},
  publisher={ACM}
}
@article{adenot2013web,
  title={Web audio api},
  author={Adenot, Paul and Wilson, Chris and Rogers, Chris},
  journal={W3C, October},
  volume={10},
  year={2013}
}
@article{abramov2015redux,
  title={Redux},
  author={Abramov, D},
  journal={React Community, c},
  year={2015}
}
@article{hajivc2005complex,
  title={Complex corpus annotation: The Prague dependency treebank},
  author={Haji{\v{c}}, Jan},
  journal={Insight into Slovak and Czech Corpus Linguistics. Veda Bratislava},
  volume={2005},
  pages={54--73},
  year={2005}
}
@article{biblio:KrKuAutomaticRecognition2014,
  journal = {International Journal of Computational Linguistics and Applications},
  title = {Automatic Recognition of Clauses},
  author = {Old{\v{r}}ich Kr{\r{u}}za and Vladislav Kubo{\v{n}}},
  year = {2014},
  address = {New Delhi, India},
  volume = {5},
  number = {1},
  pages = {125--138},
  issn = {0976-0962},
}
@inproceedings{stolcke2002srilm,
  title={SRILM-an extensible language modeling toolkit},
  author={Stolcke, Andreas},
  booktitle={Seventh international conference on spoken language processing},
  year={2002}
}
@inproceedings{biblio:KrKuSecondGenerationWeb2018,
  booktitle = {Proceedings of the Future Technologies Conference ({FTC}) 2018},
  title = {Second-Generation Web Interface to Correcting {ASR} Output},
  editor = {Kohei Arai and Rahul Bhatia and Supriya Kapoor},
  author = {Old{\v{r}}ich Kr{\r{u}}za and Vladislav Kubo{\v{n}}},
  year = {2018},
  publisher = {Springer-Verlag},
  organization = {Science and Information Organization},
  address = {Cham, Switzerland},
  venue = {Marriott Pinnacle Downtown Hotel Vancouver},
  number = {1},
  pages = {749--762},
  isbn = {978-3-030-02685-1},
  issn = {2194-5357},
}
@incollection{reppen2010building,
  title={Building a corpus: what are the key considerations?},
  author={Reppen, Randi},
  booktitle={The Routledge handbook of corpus linguistics},
  pages={59--65},
  year={2010},
  publisher={Routledge}
}
@article{hinton2012deep,
  title={Deep neural networks for acoustic modeling in speech recognition: The shared views of four research groups},
  author={Hinton, Geoffrey and Deng, Li and Yu, Dong and Dahl, George E and Mohamed, Abdel-rahman and Jaitly, Navdeep and Senior, Andrew and Vanhoucke, Vincent and Nguyen, Patrick and Sainath, Tara N and others},
  journal={IEEE Signal processing magazine},
  volume={29},
  number={6},
  pages={82--97},
  year={2012},
  publisher={IEEE}
}
@article{morgan1995neural,
  title={Neural networks for statistical recognition of continuous speech},
  author={Morgan, Nelson and Bourlard, Herve A},
  journal={Proceedings of the IEEE},
  volume={83},
  number={5},
  pages={742--772},
  year={1995},
  publisher={IEEE}
}
@inproceedings{huggins2006pocketsphinx,
  title={Pocketsphinx: A free, real-time continuous speech recognition system for hand-held devices},
  author={Huggins-Daines, David and Kumar, Mohit and Chan, Arthur and Black, Alan W and Ravishankar, Mosur and Rudnicky, Alexander I},
  booktitle={Acoustics, Speech and Signal Processing, 2006. ICASSP 2006 Proceedings. 2006 IEEE International Conference on},
  volume={1},
  pages={I--I},
  year={2006},
  organization={IEEE}
}
@article{lee2001julius,
  title={Julius---an open source real-time large vocabulary recognition engine},
  author={Lee, Akinobu and Kawahara, Tatsuya and Shikano, Kiyohiro},
  year={2001}
}
@inproceedings{lee2009recent,
  title={Recent development of open-source speech recognition engine julius},
  author={Lee, Akinobu and Kawahara, Tatsuya},
  booktitle={Proceedings: APSIPA ASC 2009: Asia-Pacific Signal and Information Processing Association, 2009 Annual Summit and Conference},
  pages={131--137},
  year={2009},
  organization={Asia-Pacific Signal and Information Processing Association, 2009 Annual~…}
}
@inproceedings{lamere2003cmu,
  title={The CMU SPHINX-4 speech recognition system},
  author={Lamere, Paul and Kwok, Philip and Gouvea, Evandro and Raj, Bhiksha and Singh, Rita and Walker, William and Warmuth, Manfred and Wolf, Peter},
  booktitle={IEEE Intl. Conf. on Acoustics, Speech and Signal Processing (ICASSP 2003), Hong Kong},
  volume={1},
  pages={2--5},
  year={2003}
}
@inproceedings{abadi2016tensorflow,
  title={Tensorflow: a system for large-scale machine learning.},
  author={Abadi, Mart{\'\i}n and Barham, Paul and Chen, Jianmin and Chen, Zhifeng and Davis, Andy and Dean, Jeffrey and Devin, Matthieu and Ghemawat, Sanjay and Irving, Geoffrey and Isard, Michael and others},
  booktitle={OSDI},
  volume={16},
  pages={265--283},
  year={2016}
}
@article{young2002htk,
  title={The HTK book},
  author={Young, Steve and Evermann, Gunnar and Gales, Mark and Hain, Thomas and Kershaw, Dan and Liu, Xunying and Moore, Gareth and Odell, Julian and Ollason, Dave and Povey, Dan and others},
  journal={Cambridge university engineering department},
  volume={3},
  pages={175},
  year={2002}
}
@misc{foursecondrule,
  title={Progress Bars vs. Spinners: When to Use Which},
  author={Anthony Tseng},
  year={2016},
  howpublished={\url{https://uxmovement.com/navigation/progress-bars-vs-spinners-when-to-use-which/}},
  note={Accessed: 2019-01-09}
}
@misc{websiteresponsetimes,
  title={Website Response Times},
  author={Jakob Nielsen},
  year={2010},
  howpublished={\url{https://www.nngroup.com/articles/website-response-times/}},
  note={Accessed: 2019-01-09}
}
@inproceedings{ponte1998language,
  title={A language modeling approach to information retrieval},
  author={Ponte, Jay M and Croft, W Bruce},
  booktitle={Proceedings of the 21st annual international ACM SIGIR conference on Research and development in information retrieval},
  pages={275--281},
  year={1998},
  organization={ACM}
}
@article{jelinek1990self,
  title={Self-organized language modeling for speech recognition},
  author={Jelinek, Fred},
  journal={Readings in speech recognition},
  pages={450--506},
  year={1990}
}
@article{chen1999empirical,
  title={An empirical study of smoothing techniques for language modeling},
  author={Chen, Stanley F and Goodman, Joshua},
  journal={Computer Speech \& Language},
  volume={13},
  number={4},
  pages={359--394},
  year={1999},
  publisher={Elsevier}
}
@inproceedings{heafield2011kenlm,
  title={KenLM: Faster and smaller language model queries},
  author={Heafield, Kenneth},
  booktitle={Proceedings of the sixth workshop on statistical machine translation},
  pages={187--197},
  year={2011},
  organization={Association for Computational Linguistics}
}
@article{viikki1998cepstral,
  title={Cepstral domain segmental feature vector normalization for noise robust speech recognition},
  author={Viikki, Olli and Laurila, Kari},
  journal={Speech Communication},
  volume={25},
  number={1-3},
  pages={133--147},
  year={1998},
  publisher={Elsevier}
}
@book{vivekananda2003bhakti,
  title={Bhakti Yoga},
  author={Swami Vivekananda},
  publisher={Celepha\"{i}s Press, Leeds, UK},
  year={2003},
  url={https://holybooks-lichtenbergpress.netdna-ssl.com/wp-content/uploads/Bhakti-Yoga-by-Swami-Vivekananda.pdf}
}
@book{aurobindo1999synthesis,
  title={The Synthesis of Yoga},
  author={Sri Aurobindo},
  publisher={Sri Aurobindo Ashram Publication Department},
  year={1999}
}
@book{teresa1588castillo,
  title={El Castillo Interior},
  author={Teresa de Ávila},
  year={2011},
  publisher={San Pablo},
  isbn={978-9803507183}
}
@book{tanquerey1928precis,
  title={Précis de Théologie Ascétique et Mystique},
  author={Adolphe-Alfred Tanquerey},
  publisher={Société de Saint Jean l'Evangéliste, Desclée et Cie, Tournay - Alphonse Picard, Paris},
  year={1928}
}
@book{makon1995umeni,
  title={Um{\v{e}}n{\'\i} n{\'a}sledovat Krista},
  author={Karel Mako{\v{n}}},
  year={1992},
  publisher={Psychoenergetická skupina ČSVTS}
}
@book{makon2005zakladni,
  title={Z{\'a}kladn{\'\i} kurs nad{\v{z}}ivotnosti pro ty, kte{\v{r}}{\'\i} si mysl{\'\i}, {\v{z}}e nev{\v{e}}{\v{r}}{\'\i}, a z{\'a}kladn{\'\i} kurs n{\'a}bo{\v{z}}enstv{\'\i} pro ty, kte{\v{r}}{\'\i} si mysl{\'\i}, {\v{z}}e v{\v{e}}{\v{r}}{\'\i}, nebot' jsou si v{\v{s}}ichni rovni, pokud um{\'\i}raj{\'\i}, ani{\v{z}} by se b{\v{e}}hem {\v{z}}ivota znovu narodili},
  author={Karel Mako{\v{n}}},
  isbn={9788086788326},
  year={2005},
  publisher={Onyx}
}
@book{makon1992odkryta,
  title={Odkrytá moudrost starých pravd},
  author={Karel Makoň},
  isbn={8085228017},
  year={1992},
  publisher={Onyx}
}
@book{makon1995utrpeni,
  title={Utrpení a láska},
  author={Karel Makoň},
  isbn={80-02-01039-6},
  year={1995},
  publisher={Psychoenergetická společnost Praha}
}
@book{makon1995mysticka,
  title={Mystická koncentrace a příprava k~ní},
  author={Karel Makoň},
  year={1995},
  publisher={Psychoenergetická společnost Praha}
}
@book{makon1999svetlo,
  title={Světlo na cestu},
  author={Karel Makoň},
  year={1999},
  publisher={Česká psychoanalytická společnost},
  isbn={80-02-01226-7}
}
@book{makon2000blahoslavenstvi,
  title={Blahoslavenství},
  author={Karel Makoň},
  year={2000},
  publisher={Onyx},
  isbn={80-85228-54-8}
}
@book{makon2002ulohy,
  title={Duchovní úlohy},
  author={Karel Makoň},
  year={2002},
  publisher={Onyx},
  isbn={80-85228-54-8}
}
@article{cohn1996active,
  title={Active learning with statistical models},
  author={Cohn, David A and Ghahramani, Zoubin and Jordan, Michael I},
  journal={Journal of artificial intelligence research},
  volume={4},
  pages={129--145},
  year={1996}
}
@book{rezac2016web,
  title={Web ostrý jako břitva: návrh fungujícího webu pro webdesignery a zadavatele projektů},
  author={Řezáč, Jan},
  year={2016},
  publisher={House of Řezáč, Brno},
  edition={Second}
  isbn={978-80-270-0644-1}
}
